%%% =========================================================
%%% BibTeX-file{
%%%     author          = "Author",
%%%     version         = "1.00",
%%%     date            = "15 April 2021",
%%%     filename        = "refs.bib",
%%%     address         = "University",
%%%     telephone       = "",
%%%     FAX             = "",
%%%     checksum        = ""
%%%     email           = "",
%%%     codetable       = "ISO/ASCII",
%%%     keywords        = "geogebra",
%%%     supported       = "yes",
%%%     docstring       = "BibTeX bibliography for the article
%%%                        \cite{author-year}:
%%%                        TITLE"
%%%     }
%%% =========================================================



% ---------- C ---------- %
@article{codesansar2021,
  author = {{Codesansar}},
  title = {Online {LU} {D}ecomposition ({F}actorization) {C}alculator},
  year = {2021},
  journal={Retieved from: https://www.codesansar.com/numerical-methods/online-lu-decomposition-factorization-calculator.htm},
  url = {https://www.codesansar.com/numerical-methods/online-lu-decomposition-factorization-calculator.htm},
  urldate = {2021-04-15}
}


% ---------- I ---------- %
@misc{iotools2021,
  author = {{IO Tools}},
  title = {{LU} {F}actorization {C}alculator},
  year = {2021},
  url = {https://www.iotools.net/math/lu-factorization-calculator},
  urldate = {2021-04-15}
}


% ---------- J ---------- %
@book{johnson1985matrix,
  title={Matrix analysis},
  author={Johnson, Charles R and Horn, Roger A},
  year={1985},
  publisher={Cambridge University Press Cambridge}
}


% ---------- Q ---------- %
@article{quinlan2013geogebra,
  title={GeoGebra as a frontend to generating graphics for LaTeX},
  author={Quinlan, James},
  journal={North American GeoGebra Journal},
  volume={2},
  number={1},
  year={2013}
}


% ---------- S ---------- %
 @misc{smith_2017, 
 title={Online LU Decomposition (Factorization) Calculator}, 
 url={https://www.codesansar.com/numerical-methods/online-lu-decomposition-factorization-calculator.htm}, 
 journal={Codesansar}, 
 author={Smith, John}, 
 year={2017}
 } 


@book{strang1993introduction,
  title={Introduction to linear algebra},
  author={Strang, Gilbert},
  volume={3},
  year={1993},
  publisher={Wellesley-Cambridge Press Wellesley, MA}
}

% /EOF



